@article{liu2012sentiment,
  title={Sentiment analysis and opinion mining},
  author={Liu, Bing},
  journal={Synthesis lectures on human language technologies},
  volume={5},
  number={1},
  pages={1--167},
  year={2012},
  publisher={Morgan \& Claypool Publishers}
}

@inproceedings{agarwal2011sentiment,
  title={Sentiment analysis of twitter data},
  author={Agarwal, Apoorv and Xie, Boyi and Vovsha, Ilia and Rambow, Owen and Passonneau, Rebecca J},
  booktitle={Proceedings of the workshop on language in social media (LSM 2011)},
  pages={30--38},
  year={2011}
}

@article{go2009twitter,
  title={Twitter sentiment classification using distant supervision},
  author={Go, Alec and Bhayani, Richa and Huang, Lei},
  journal={CS224N project report, Stanford},
  volume={1},
  number={12},
  pages={2009},
  year={2009}
}

@inproceedings{pak2010twitter,
  title={Twitter as a corpus for sentiment analysis and opinion mining.},
  author={Pak, Alexander and Paroubek, Patrick},
  booktitle={LREc},
  volume={10},
  number={2010},
  pages={1320--1326},
  year={2010}
}

@inproceedings{liang2013opinion,
  title={Opinion mining on social media data},
  author={Liang, Po-Wei and Dai, Bi-Ru},
  booktitle={2013 IEEE 14th international conference on mobile data management},
  volume={2},
  pages={91--96},
  year={2013},
  organization={IEEE}
}

@inproceedings{kouloumpis2011twitter,
  title={Twitter sentiment analysis: The good the bad and the omg!},
  author={Kouloumpis, Efthymios and Wilson, Theresa and Moore, Johanna},
  booktitle={Proceedings of the International AAAI Conference on Web and Social Media},
  volume={5},
  number={1},
  year={2011}
}

@article{ghiassi2013twitter,
  title={Twitter brand sentiment analysis: A hybrid system using n-gram analysis and dynamic artificial neural network},
  author={Ghiassi, Manoochehr and Skinner, James and Zimbra, David},
  journal={Expert Systems with applications},
  volume={40},
  number={16},
  pages={6266--6282},
  year={2013},
  publisher={Elsevier}
}